@article{aadlandcaplan2006,
    author = {Aadland, David and  Caplan, Arthur},
    title = {Curbside Recycling: Waste Resource or Waste of Resources?},
    year = {2006},
    journal = {Journal of Policy Analysis and Management},
    volume = {25},
    number = {4},
    pages = {855-874}
}

@article{abadie2010,
    Author = {Abadie, Alberto and Diamond, Alexis and Hainmueller, Jens},
    Title = {Synthetic Control Methods for Comparative Case Studies: Estimating the Effect of {California’s} Tobacco Control Program},
    Journal = {Journal of the American Statistical Association},
    Volume = {105},
    Number = {490},
    Year = {2010},
    Month = {June},
    Pages = {493-505}
}

@article{abadie2015,
 ISSN = {00925853, 15405907},
 URL = {http://www.jstor.org/stable/24363579},
 author = {Alberto Abadie and Alexis Diamond and Jens Hainmueller},
 journal = {American Journal of Political Science},
 number = {2},
 pages = {495--510},
 publisher = {[Midwest Political Science Association, Wiley]},
 title = {Comparative Politics and the Synthetic Control Method},
 urldate = {2022-04-08},
 volume = {59},
 year = {2015}
}

@article{abadie2021,
    Author = {Abadie, Alberto},
    Title = {Using Synthetic Controls: Feasibility, Data Requirements, and Methodological Aspects},
    Journal = {Journal of Economic Literature},
    Volume = {59},
    Number = {2},
    Year = {2021},
    Month = {June},
    Pages = {391-425},
    DOI = {10.1257/jel.20191450},
    URL = {https://www.aeaweb.org/articles?id=10.1257/jel.20191450}
}

@article{allcottrogers2014,
    Author = {Allcott, Hunt and Rogers, Todd},
    Title = {The Short-Run and Long-Run Effects of Behavioral Interventions: Experimental Evidence from Energy Conservation},
    Journal = {American Economic Review},
    Volume = {104},
    Number = {10},
    Year = {2014},
    Month = {October},
    Pages = {3003-37},
    DOI = {10.1257/aer.104.10.3003},
    URL = {https://www.aeaweb.org/articles?id=10.1257/aer.104.10.3003}
}

@misc{alpizaretal2022,
    author = {Francisco Alpízar and Maria {Bernedo Del Carpio} and Paul Ferraro and Ben Meiselman},
    note = {Working paper available at \href{https://drive.google.com/file/d/1jS56E3t0Ta1sNnPlGvSwrnt4pIdbS3xx/view}{https://drive.google.com/file/d/1jS56E3t0Ta1sNnPlGvSwrnt4pIdbS3xx/view}, accessed April 2022},
    title = {Exposure-enhanced goods and technology disadoption},
    year = {2021}
}

@article{arkhangelsky2021,
    Author = {Arkhangelsky, Dmitry and Athey, Susan and Hirshberg, David A. and Imbens, Guido W. and Wager, Stefan},
    Title = {Synthetic Difference-in-Differences},
    Journal = {American Economic Review},
    Volume = {111},
    Number = {12},
    Year = {2021},
    Month = {December},
    Pages = {4088-4118},
    DOI = {10.1257/aer.20190159},
    URL = {https://www.aeaweb.org/articles?id=10.1257/aer.20190159}
}

@article{atkin2013,
    Author = {Atkin, David},
    Title = {Trade, Tastes, and Nutrition in {India}},
    Journal = {American Economic Review},
    Volume = {103},
    Number = {5},
    Year = {2013},
    Month = {August},
    Pages = {1629-63},
    DOI = {10.1257/aer.103.5.1629},
    URL = {https://www.aeaweb.org/articles?id=10.1257/aer.103.5.1629}
}

@article{bechteletal2018,
    author = {Bechtel, Michael M. and Hangartner, Dominik and Schmid, Lukas},
    title = "{Compulsory Voting, Habit Formation, and Political Participation}",
    journal = {The Review of Economics and Statistics},
    volume = {100},
    number = {3},
    pages = {467-476},
    year = {2018},
    month = {July}
}

@article{beckermurphy1988,
    ISSN = {00223808, 1537534X},
    URL = {http://www.jstor.org/stable/1830469},
    author = {Gary S. Becker and Kevin M. Murphy},
    journal = {Journal of Political Economy},
    number = {4},
    pages = {675--700},
    publisher = {University of Chicago Press},
    title = {A Theory of Rational Addiction},
    volume = {96},
    year = {1988}
}

@misc{borusyakjaravel2018,
    author = {Kirill Borusyak and Xavier Jaravel},
    title = {Revisiting Event Study Designs},
    year = {2018},
    note = {Unpublished. Available at SSRN: \href{https://ssrn.com/abstract=2826228}{https://ssrn.com/abstract=2826228}}
}

@misc{brewercrozier2022,
    author = {Dylan Brewer and R. Jim Crozier},
    title = {Who heeds the call to conserve in an energy emergency?  {Evidence} from smart thermostat data},
    year = {2022},
    note = {Working paper, \href{https://www.dylanbrewer.com/wp-content/uploads/2023/02/BrewerCrozier20230129.pdf}{https://www.dylanbrewer.com/wp-content/uploads/2023/02/BrewerCrozier20230129.pdf}}
}

@article{buenovalente2020,
    title = {The effects of pricing waste generation: A synthetic control approach},
    journal = {Journal of Environmental Economics and Management},
    volume = {96},
    pages = {274-285},
    year = {2019},
    issn = {0095-0696},
    doi = {https://doi.org/10.1016/j.jeem.2019.06.004},
    url = {https://www.sciencedirect.com/science/article/pii/S0095069618304169},
    author = {Matheus Bueno and Marica Valente}
}

@article{carattini2018,
    title = {Is Taxing Waste a Waste of Time? {Evidence} from a Supreme Court Decision},
    journal = {Ecological Economics},
    volume = {148},
    pages = {131-151},
    year = {2018},
    issn = {0921-8009},
    doi = {https://doi.org/10.1016/j.ecolecon.2018.02.001},
    url = {https://www.sciencedirect.com/science/article/pii/S0921800917300915},
    author = {Stefano Carattini and Andrea Baranzini and Rafael Lalive}
}

@article{cengizetal2019,
    author = {Cengiz, Doruk and Dube, Arindrajit and Lindner, Attila and Zipperer, Ben},
    title = "{The Effect of Minimum Wages on Low-Wage Jobs}",
    journal = {The Quarterly Journal of Economics},
    volume = {134},
    number = {3},
    pages = {1405-1454},
    year = {2019},
    month = {05},
    issn = {0033-5533},
    doi = {10.1093/qje/qjz014},
    url = {https://doi.org/10.1093/qje/qjz014},
    eprint = {https://academic.oup.com/qje/article-pdf/134/3/1405/29173920/qjz014.pdf},
}

@article{czajkowskietal2017,
    author = {Czajkowski, Mikołaj and Hanley, Nick and Nyborg, Karine},
    year = {2017},
    journal = {Environmental and Resource Economics},
    title = {Social Norms, Morals and Self-interest as Determinants of Pro-environment Behaviours: The Case of Household Recycling},
    pages = {647-670},
    volume = {66},
    number = {4}
}

@misc{datavoteshare,
    author = {{MIT Election Data and Science Lab}},
    year = {2018},
    title = {County Presidential Election Returns 2000-2020},
    note = {\href{https://doi.org/10.7910/DVN/VOQCHQ}{https://doi.org/10.7910/DVN/VOQCHQ}, Harvard Dataverse, V10, UNF:6:pVAMya52q7VM1Pl7EZMW0Q== [fileUNF], accessed March 2022}
}

@misc{datarace,
    author = {{United States Census}},
    year = {2010},
    title = {{U.S.} Census Population Estimates - County Level},
    note = {\href{https://idn.duke.edu/ark:/87924/r3xk87s3q}{https://idn.duke.edu/ark:/87924/r3xk87s3q}, duke:275525, ark:/87924/r3xk87s3q, 38e88069-9789-4731-980e-9e69534f0761, accessed March 2022}
}

@misc{dataeducation,
    title = {College completion rates},
    author = {{USDA}},
    year = {2021},
    note = {\href{https://data.ers.usda.gov/reports.aspx?ID=17829}{https://data.ers.usda.gov/reports.aspx?ID=17829}, accessed March 2022}
}

@misc{datacainc,
    title = {Personal income, population, per capita personal income {(CAINC1)}},
    author = {{United States Bureau of Economic Analysis}},
    year = {2022},
    note = {\href{https://apps.bea.gov/iTable/iTable.cfm?reqid=70&step=1&acrdn=7#reqid=70&step=1&acrdn=7}{https://apps.bea.gov/iTable/iTable.cfm?reqid=70\&step=1\&acrdn=7\#reqid=70\&step=1\&acrdn=7}, accessed March 2022}
}

@article{DellaVignaetal2017,
    author = {DellaVigna, Stefano and Lindner, Attila and Reizer, Balázs and Schmieder, Johannes F.},
    title = "{Reference-Dependent Job Search: Evidence from Hungary}",
    journal = {The Quarterly Journal of Economics},
    volume = {132},
    number = {4},
    pages = {1969-2018},
    year = {2017},
    month = {May}
}

@misc{dsnycommercial,
    title = {Commercial Waste Zones},
    author = {{Department of Sanitation}},
    note = {\href{https://www1.nyc.gov/assets/dsny/site/resources/reports/commercial-waste-zones-plan}{https://www1.nyc.gov/assets/dsny/site/resources/reports/commercial-waste-zones-plan}, accessed April 2022.},
    year= {2022}
}

@misc{dsnydata,
    author = {{Department of Sanitation}},
    title = {{DSNY} Monthly Tonnage Data},
    note = {\href{https://data.cityofnewyork.us/City-Government/DSNY-Monthly-Tonnage-Data/ebb7-mvp5}{https://data.cityofnewyork.us/City-Government/DSNY-Monthly-Tonnage-Data/ebb7-mvp5}, accessed March 2022.},
    year = {2022},
    journal = {{NYC} Open Data}
}

@misc{dsnyreports,
    author = {{Department of Sanitation}},
    title = {{DSNY} Annual Reports},
    year = {1999 - 2008},
    note = {\href{https://www1.nyc.gov/assets/dsny/site/resources/reports/annual-reports}{https://www1.nyc.gov/assets/dsny/site/resources/reports/annual-reports}, accessed April 2022.}
}

@misc{epa2020,
    author = {{U.S. EPA}},
    title = {Recycling Economic Information (REI) Report},
    year = {2020},
    note = {\href{https://www.epa.gov/sites/default/files/2020-11/documents/rei_report_508_compliant.pdf}{https://www.epa.gov/sites/default/files/2020-11/documents/rei_report_508_compliant.pdf}, accessed September 2022.}
}

@article{fosterrosenzweig1995,
 ISSN = {00223808, 1537534X},
 URL = {http://www.jstor.org/stable/2138708},
 author = {Andrew D. Foster and Mark R. Rosenzweig},
 journal = {Journal of Political Economy},
 number = {6},
 pages = {1176--1209},
 publisher = {University of Chicago Press},
 title = {Learning by Doing and Learning from Others: Human Capital and Technical Change in Agriculture},
 urldate = {2022-04-11},
 volume = {103},
 year = {1995}
}

@article{fullertonkinnaman1996,
    title = {Household Responses to Pricing Garbage by the Bag},
    author = {Don Fullerton and Thomas C. Kinnaman},
    journal = {The American Economic Review},
    volume = {86},
    number = {4},
    pages = {971-984},
    year = {1996}
}

@article{fullertonkinnaman2000,
    title = {Garbage and Recycling with Endogenous Local Policy},
    journal = {Journal of Urban Economics},
    volume = {48},
    number = {3},
    pages = {419-442},
    year = {2000},
    issn = {0094-1190},
    doi = {https://doi.org/10.1006/juec.2000.2174},
    url = {https://www.sciencedirect.com/science/article/pii/S0094119000921740},
    author = {Thomas C. Kinnaman and Don Fullerton}
}

@article{gregory2003repeated,
  title={Repeated behavior and environmental psychology: the role of personal involvement and habit formation in explaining water consumption},
  author={Gregory, Gary D and Leo, Michael Di},
  journal={Journal of Applied Social Psychology},
  volume={33},
  number={6},
  pages={1261--1296},
  year={2003},
  publisher={Wiley Online Library}
}

@article{HARRIS2019,
    title = {Habit formation and activity persistence: Evidence from gym equipment},
    journal = {Journal of Economic Behavior \& Organization},
    volume = {166},
    pages = {688-708},
    year = {2019},
    issn = {0167-2681},
    doi = {https://doi.org/10.1016/j.jebo.2019.08.010},
    url = {https://www.sciencedirect.com/science/article/pii/S0167268119302586},
    author = {Matthew C. Harris and Lawrence M. Kessler}
}

@misc{hollingsworth_wing_2020,
 title={Tactics for design and inference in synthetic control studies: An applied example using high-dimensional data},
 url={osf.io/preprints/socarxiv/fc9xt},
 DOI={10.31235/osf.io/fc9xt},
 publisher={SocArXiv},
 author={Hollingsworth, Alex and Wing, Coady},
 year={2020},
 month={May}
}

@article{itoidatanaka2018,
    Author = {Ito, Koichiro and Ida, Takanori and Tanaka, Makoto},
    Title = {Moral Suasion and Economic Incentives: Field Experimental Evidence from Energy Demand},
    Journal = {American Economic Journal: Economic Policy},
    Volume = {10},
    Number = {1},
    Year = {2018},
    Month = {February},
    Pages = {240-67},
    DOI = {10.1257/pol.20160093},
    URL = {https://www.aeaweb.org/articles?id=10.1257/pol.20160093}
}

@misc{kantnerstaley2019,
    author = {Debra Kantner and Bryan Staley},
    year = {2020},
    title = {Analysis of {MSW} Landfill Tipping Fees - {April} 2019},
    notes = {Environmental Research and Education Foundation}
}

@article{kinnaman2006,
    author = {Thomas C. Kinnaman},
    title = {Examining the Justification for
    Residential Recycling},
    journal = {Journal of Economic Perspectives},
    volume = {20},
    number = {4},
    year = {2006},
    pages = {219-232}
}

@article{kipperberglarson2012,
    author = {Kipperberg, Gorm and Larson, Douglas M.},
    year = {2012},
    journal = {Environmental and Resource Economics},
    pages = {577-604},
    title = {Heterogeneous Preferences for Community Recycling Programs},
    volume = {53},
    number = {4}
}

@article{KURZ2018,
    title = {Nudging to reduce meat consumption: Immediate and persistent effects of an intervention at a university restaurant},
    journal = {Journal of Environmental Economics and Management},
    volume = {90},
    pages = {317-341},
    year = {2018},
    issn = {0095-0696},
    doi = {https://doi.org/10.1016/j.jeem.2018.06.005},
    url = {https://www.sciencedirect.com/science/article/pii/S0095069617307738},
    author = {Verena Kurz}
}

@inbook{lawson1995,
    author = {Charles Lawson and Richard Hanson},
    title = {Solving least squares problems},
    year = {1995},
    publisher = {Society for Industrial and Applied Mathematics},
    chapter =  {20-21},
    pages = {134-147},
    note = {Reprint of original version published in 1974.}
}

@misc{lange2007,
    title = {Recycling at Home: {NYC} Resident Attitudes, Awareness,
    and Behavior},
    author = {Robert Lange},
    year = {2007},
    note = {Report, {NYC} Department of Sanitation, Bureau of Waste Prevention, Reuse, and Recycling}
}

@article{lubasch1989,
    author = {Lubasch, Arnold},
    year = {1989},
    journal = {The New York Times},
    url = {https://www.nytimes.com/1989/07/14/nyregion/new-york-starts-required-recycling.html},
    title = {New {York} Starts Required Recycling},
    volume = {July 14, 1989},
    pages = {B3}
}

@misc{macbride2004,
    author = {MacBride, Samantha},
    title = {Processing and Marketing Recyclables in {New York City}: Rethinking Economic, Historical, and Comparative Assumptions},
    year = {2004},
    note = {Bureau of Waste Prevention, Reuse and Recycling, \href{https://dsny.cityofnewyork.us/wp-content/uploads/2017/12/about_2004-processing-and-marketing-recyclables_0815.pdf}{https://dsny.cityofnewyork.us/wp-content/uploads/2017/12/about\_2004-processing-and-marketing-recyclables\_0815.pdf}, accessed June 2023}
}

@article{maniadistufanolist2017,
    author = {Zacharias Maniadis and Fabiano Tufano and John List},
    year = {2017},
    journal = {The Economic Journal},
    title = {To replicate or not to replicate?  {Exploring} reproducibility in economics through the lens of a model and a pilot study},
    volume = {127},
    number = {October},
    pages = {F209 - F235}
}

@misc{massdata,
    title = {Massachusetts Municipal Residential Recycling Rates},
    year = {2022},
    author = {{Massachusetts Department of Environmental Protection}},
    note = {\href{https://www.mass.gov/lists/recycling-solid-waste-data-for-massachusetts-cities-towns}{https://www.mass.gov/lists/recycling-solid-waste-data-for-massachusetts-cities-towns} accessed March 2022.}
}

@misc{massmandatory2021,
    title = {Mandatory Recycling Rules Database, {October} 2021},
    author = {{Massachusetts Department of Environmental Protection}},
    year = {2021},
    note = {\href{https://www.mass.gov/lists/implementing-mandatory-recycling-private-hauler-regulations}{https://www.mass.gov/lists/implementing-mandatory-recycling-private-hauler-regulations} accessed May 2022.}
}

@article{mcguinness1977attitudinal,
  title={Attitudinal correlates of recycling behavior.},
  author={McGuinness, James and Jones, Allan P and Cole, Steven G},
  journal={Journal of Applied Psychology},
  volume={62},
  number={4},
  pages={376},
  year={1977},
  publisher={American Psychological Association}
}

@misc{mouwetal2020,
    author = {Scott Mouw and Lily Schwartz and Sherry Yarkosky and Elizabeth Biser and Ali Blandina and Joe Bontempo and Anthony Brickner and Jackie Caserta and Sarah Dearman and Dylan {de Thomas} and Allison Francis and Keefe Harrison and Samantha Kappalman and Cody Marshall and Asami Tanimoto and Rob Taylor and Laura Thompson and Aditi Varma},
    title = {2020 State of Curbside Recycling Report},
    year = {2020},
    note = {The Recycling Partnership, \href{https://recyclingpartnership.org/wp-content/uploads/dlm_uploads/2020/02/2020-State-of-Curbside-Recycling.pdf}{https://recyclingpartnership.org/wp-content/uploads/dlm\_uploads/2020/02/2020-State-of-Curbside-Recycling.pdf}, accessed June 2022}
}

@misc{njdata,
    title = {Generation, Disposal and Recycling Rates by County},
    year = {2022},
    author = {{New Jersey Department of Environmental Protection}},
    note = {\href{https://www.nj.gov/dep/dshw/recycling/stats.htm}{https://www.nj.gov/dep/dshw/recycling/stats.htm} accessed April 2022.}
}

@misc{njlaw,
    title = {{N.J.S.A. 13:1E-99.11 et seq. (Recycling Act) – Summary}},
    year = {1987},
    author = {{New Jersey Department of Environmental Protection}},
    note = {\href{https://www.nj.gov/dep/dshw/recycling/recy_act_link.htm}{https://www.nj.gov/dep/dshw/recycling/recy\_act\_link.htm} accessed May 2022}
}

@article{ouellette1998habit,
  title={Habit and intention in everyday life: The multiple processes by which past behavior predicts future behavior.},
  author={Ouellette, Judith A and Wood, Wendy},
  journal={Psychological bulletin},
  volume={124},
  number={1},
  pages={54},
  year={1998},
  publisher={American Psychological Association}
}

@article{OZTURK2020,
    title = {Before the lunch line: Effectiveness of behavioral economic interventions for pre-commitment on elementary school children's food choices},
    journal = {Journal of Economic Behavior \& Organization},
    volume = {176},
    pages = {597-618},
    year = {2020},
    issn = {0167-2681},
    doi = {https://doi.org/10.1016/j.jebo.2020.03.027},
    author = {Orgul D. Ozturk and Edward A. Frongillo and Christine E. Blake and Melayne M. McInnes and Gabrielle Turner-McGrievy},
    url = {https://www.sciencedirect.com/science/article/pii/S0167268120300937}
}

@article{papkewooldridge2008,
    title = {Panel data methods for fractional response variables with an application to test
    pass rates},
    doi = {https://doi.org/10.1016/j.jeconom.2008.05.009},
    url = {https://www.sciencedirect.com/science/article/pii/S030440760800050X},
    author = {Leslie E. Papke and Jeffrey M. Wooldridge},
    journal = {Journal of Econometrics},
    year = {2008},
    volume = {145},
    number = {1},
    pages = {121-133}
}

@misc{pew2009,
    title = {Trends in Political Values and Core Attitudes: 1987-2009: Independents Take Center Stage in {Obama} Era},
    author = {{The Pew Research Center}},
    year = {2009},
    note = {Section 9: The Environment and the Economy}
}

@article{SALVO2013,
    title = {Build it, but will they come? {Evidence} from consumer choice between gasoline and sugarcane ethanol},
    journal = {Journal of Environmental Economics and Management},
    volume = {66},
    number = {2},
    pages = {251-279},
    year = {2013},
    issn = {0095-0696},
    doi = {https://doi.org/10.1016/j.jeem.2013.04.001},
    url = {https://www.sciencedirect.com/science/article/pii/S0095069613000223},
    author = {Alberto Salvo and Cristian Huse}
}

@article{topf2023follow,
  title={Follow my example, for better and for worse: The influence of behavioral traces on recycling decisions},
  author={Topf, Sabine and Speekenbrink, Maarten},
  journal={Journal of Experimental Psychology: Applied},
  year={2023},
  publisher={American Psychological Association},
  volume = {29},
  number = {2},
  pages = {189-206}
}

@article{galianiquistorff2017,
	author = "Galiani, Sebastian and Quistorff, Brian",
	title = "The synth\_runner package: Utilities to automate synthetic control estimation using synth",
	journal = "Stata Journal",
	volume = "17",
	number = "4",
	year = "2017",
	pages = "834-849"
}

@article{usuitakeuchi2014,
    author = {Usui, Takehiro and Takeuchi, Kenji},
    year = {2014},
    title = {Evaluating Unit-Based Pricing of Residential Solid Waste: A Panel Data Analysis},
    journal = {Environmental and Resource Economics},
    volume = {58},
    number = {2},
    doi = {10.1007/s10640-013-9702-7},
    pages = {245-271}
}

@article{viscusihuberbell2011,
    Author = {Viscusi, W. Kip and Huber, Joel and Bell, Jason},
    Title = {Promoting Recycling: Private Values, Social Norms, and Economic Incentives},
    Journal = {American Economic Review},
    Volume = {101},
    Number = {3},
    Year = {2011},
    Month = {May},
    Pages = {65-70},
    DOI = {10.1257/aer.101.3.65},
    URL = {https://www.aeaweb.org/articles?id=10.1257/aer.101.3.65}
}

@book{wooldridge2010,
	author = "Jeffrey Wooldridge",
	title = "Econometric analysis of cross section and panel data",
	isbn = "9780262303248",
	edition = "2",
	month = "September",
	year = "2010",
	publisher = "MIT Press",
	address = "Cambridge, Mass",
}

@article{wright_halstead_huang_2019, 
    title={Estimating Treatment Effects of Unit-Based Pricing of Household Solid Waste Disposal}, 
    volume={48}, 
    DOI={10.1017/age.2018.2}, 
    number={1}, 
    journal={Agricultural and Resource Economics Review}, 
    publisher={Cambridge University Press}, 
    author={Wright, Christopher and Halstead, John M. and Huang, Ju Chin}, 
    year={2019}, 
    pages={21–43}
}

@misc{nypost,
    title = {\$1.2 Million; That's How Much {NYC}’S Ticket Master Doled Out In Parking Fines Over Last 3 Yrs},
    author = {Brad Hamilton},
    note = {\textit{New York Post}, \href{https://nypost.com/2005/02/06/1-2-million-thats-how-much-nycs-ticket-master-doled-out-in-parking-fines-over-last-3-yrs/}{https://nypost.com/2005/02/06/1-2-million-thats-how-much-nycs-ticket-master-doled-out-in-parking-fines-over-last-3-yrs/}, accessed June 2023},
    year = {2005}
}

@misc{nytimes2002,
    title = {New Yorkers Getting Used To Recycling A Little Less},
    author = {Diane Cardwell},
    year = {2002},
    note = {\textit{New York Times}, \href{https://www.nytimes.com/2002/08/12/nyregion/new-yorkers-getting-used-to-recycling-a-little-less.html}{https://www.nytimes.com/2002/08/12/nyregion/new-yorkers-getting-used-to-recycling-a-little-less.html}, accessed June 2023}
}

@misc{dsnywcs2005,
    title = {{NYC} Waste Characterization Study Final Report, Volume 1 {PWCS} and {WCS} Results},
    author = {{DSNY}},
    year = {2005},
    note = {\href{https://dsny.cityofnewyork.us/wp-content/uploads/2017/12/about_2004-2005-waste-characterization_0815.pdf}{https://dsny.cityofnewyork.us/wp-content/uploads/2017/12/about\_2004-2005-waste-characterization\_0815.pdf}, accessed June 2023}
}

@misc{cbcny2014,
    year = {2014},
    author = {{CBC}},
    title = {12 Things {New Yorkers} Should Know About Their Garbage},
    note = {Citizens Budget Commission of New York report, \href{https://www.cbcny.org/research/12-things-new-yorkers-should-know-about-their-garbage}{https://www.cbcny.org/research/12-things-new-yorkers-should-know-about-their-garbage}, accessed August 2023}
}

@article{woodrunger2016,
    author = {Wendy Wood and Dennis Runger},
    journal = {Annual Review of Psychology},
    year = {2016},
    title = {Psychology of Habit},
    volume = {67},
    pages = {289 - 314}
}

@article{dickinson1985,
    author = {Dickinson, A.  and Weiskrantz, Lawrence },
    title = {Actions and habits: the development of behavioural autonomy},
    journal = {Philosophical Transactions of the Royal Society of London. B, Biological Sciences},
    volume = {308},
    number = {1135},
    pages = {67-78},
    year = {1985},
    doi = {10.1098/rstb.1985.0010}, 
    URL = {https://royalsocietypublishing.org/doi/abs/10.1098/rstb.1985.0010},
    eprint = {https://royalsocietypublishing.org/doi/pdf/10.1098/rstb.1985.0010}
}

@misc{nytcardwell2002,
title = {{New Yorkers} Getting Used To Recycling A Little Less},
author = {Diane Cardwell},
year = {2002},
note = {\textit{New York Times}, August 12, 2002, B1, \href{https://www.nytimes.com/2002/08/12/nyregion/new-yorkers-getting-used-to-recycling-a-little-less.html}{https://www.nytimes.com/2002/08/12/nyregion/new-yorkers-getting-used-to-recycling-a-little-less.html}}
}

@article{arellanobond1991,
    author = {Arellano, Manuel and Bond, Stephen},
    title = "{Some Tests of Specification for Panel Data: Monte Carlo Evidence and an Application to Employment Equations}",
    journal = {The Review of Economic Studies},
    volume = {58},
    number = {2},
    pages = {277-297},
    year = {1991},
    month = {04},
    issn = {0034-6527},
    doi = {10.2307/2297968},
    url = {https://doi.org/10.2307/2297968},
    eprint = {https://academic.oup.com/restud/article-pdf/58/2/277/4454458/58-2-277.pdf}
}

@misc{latimes2019,
    author={McDaniel,Piper},
    year={2019},
    month={Aug 15},
    title={Moving past `wishcycling'; As recyclables market collapses, {California} faces hard choices},
    journal={Los Angeles Times},
    note={\href{https://enewspaper.latimes.com/infinity/article_share.aspx?guid=a017245a-7b54-42e4-95d0-7bf01a165c4d}{https://enewspaper.latimes.com/infinity/article\_share.aspx?guid=a017245a-7b54-42e4-95d0-7bf01a165c4d}, accessed June 2023}
} 

@misc{planetmoney2019,
    author = {Sarah Gonzalez and Kenny Malone},
    year = {2019},
    title = {So, Should We Recycle?},
    note = {NPR \textit{Planet Money} podcast episode, \href{https://www.npr.org/2019/07/12/741283641/episode-926-so-should-we-recycle}{https://www.npr.org/2019/07/12/741283641/episode-926-so-should-we-recycle}, accessed June 2023}
}

@misc{nytimes1986,
    author={Raskin, David},
    year={1986},
    month={Dec 20},
    title={Mandatory Recycling: Habit-Forming},
    journal={New York Times},
    note={\href{https://www.nytimes.com/1987/12/20/nyregion/mandatory-recycling-habit-forming.html}{https://www.nytimes.com/1987/12/20/nyregion/mandatory-recycling-habit-forming.html}, accessed June 2023}
} 

@misc{nwrapressrelease2019,
    title = {Waste and recycling industry groups produce poster to improve recycling habits},
    author = {{NWRA}},
    year = {2019},
    note = {Press release by the National Waste \& Recycling Association (NWRA), \href{https://wasterecycling.org/press_releases/waste-and-recycling-industry-groups-produce-poster-to-improve-recycling-habits/}{https://wasterecycling.org/press\_releases/waste-and-recycling-industry-groups-produce-poster-to-improve-recycling-habits/}, accessed June 2023}
}

@article{linetal2023,
    title = {Impact of {China’s National Sword Policy} on waste import: {A} difference-in-differences approach},
    journal = {Economic Analysis and Policy},
    volume = {78},
    pages = {887-903},
    year = {2023},
    issn = {0313-5926},
    doi = {https://doi.org/10.1016/j.eap.2023.04.033},
    url = {https://www.sciencedirect.com/science/article/pii/S0313592623000826},
    author = {Chinho Lin and Parinyakorn Paengsri and Yiwen Yang}
}

@article{vedantametal2022,
    AUTHOR = {Vedantam, Aditya and Suresh, Nallan C. and Ajmal, Khadija and Shelly, Michael},
    TITLE = {Impact of {China's National Sword Policy} on the {U.S.} Landfill and Plastics Recycling Industry},
    JOURNAL = {Sustainability},
    VOLUME = {14},
    YEAR = {2022},
    NUMBER = {4},
    pages = {2456},
    URL = {https://www.mdpi.com/2071-1050/14/4/2456},
    ISSN = {2071-1050},
    DOI = {10.3390/su14042456}
}

@misc{wastedive2023,
    author = {Maria Rachal and Cole Rosengren and Jakob Geiger and {E.A.} Crunden and Annie Fu and Greg Linch},
    title = {Where curbside recycling programs have stopped and started in the {US}},
    year = {2019},
    note = {Version last updated 9 January 2023, \href{https://www.wastedive.com/news/curbside-recycling-cancellation-tracker/569250/}{https://www.wastedive.com/news/curbside-recycling-cancellation-tracker/569250/}, accessed June 2023}
}

@misc{epa2022,
    author = {{U.S. EPA}},
    title = {National Overview: Facts and Figures on Materials, Wastes and Recycling},
    year = {2022},
    note = {\href{https://www.epa.gov/facts-and-figures-about-materials-waste-and-recycling/national-overview-facts-and-figures-materials}{https://www.epa.gov/facts-and-figures-about-materials-waste-and-recycling/national-overview-facts-and-figures-materials}, accessed June 2023}
}

@article{catlinetal2021,
    author = {Jesse Catlin and James Leonhardt and Yitong Wang and Rommel Manuel},
    title = {Landfill or Recycle? {Pro}-Environmental Receptacle Labeling Increases Recycling Contamination},
    journal = {Journal of Consumer Psychology},
    year = {2021},
    volume = {31},
    issue = {4},
    pages = {765-772}
}

@misc{nytoped2004,
    title = {Back to Recycling},
    author = {New York Times Editorial},
    journal = {New York Times},
    note = {Editorial, \href{https://www.nytimes.com/2004/03/23/opinion/back-to-recycling.html}{https://www.nytimes.com/2004/03/23/opinion/back-to-recycling.html}, accessed June 2023},
    year = {2004},
    month = {March 23},
    pages = {A22}
}

@misc{nytsavings2003,
    title = {Something Green In That Garbage?; {Recycling} in City May Pay After All},
    author = {Johnson, Kirk},
    journal = {New York Times},
    note = {Section 1, page 45 \href{https://www.nytimes.com/2003/05/04/nyregion/something-green-in-that-garbage-recycling-in-city-may-pay-after-all.html}{https://www.nytimes.com/2003/05/04/nyregion/something-green-in-that-garbage-recycling-in-city-may-pay-after-all.html}},
    year = {2003},
    month = {May 4}
}

@incollection{nordlund2011,
    booktitle = {Environmental Policy and Household Behaviour: Sustainability and Everyday Life},
    title = {Barriers and facilitators for pro-environmental behavior},
    author = {Annika Nordlund and Louise Eriksson and Jörgen Garvill},
    year = {2011},
    publisher = {Taylor \& Francis Group},
    editor = {Patrik Soderholm}
}

@article{knussenyule2008,
    author = {Christina Knussen and Fred Yule},
    title = {``{I'm} Not in the Habit of Recycling:'' {The} Role of Habitual Behavior in the Disposal of Household Waste},
    journal = {Environment and Behavior},
    volume = {40},
    number = {5},
    pages = {683-702},
    year = {2008}
}